@BOOK{FrePisPur2009,
	author = {David Freedman and Robert Pisani and Roger Purves},
	title = {Statistics},
	year = {2009},
	publisher = {Viva-Norton},
	month = {},
	edition = {Fourth},
	place = {},
	isbn = {978-81-309-1587-6}
}

@BOOK{Kap2009,
	author = {Daniel T. Kaplan},
	title = {Statistical Modeling: A Fresh Approach},
	publisher = {Ingram},
	year = {2009},
	address = {},
	isbn = {}
}

@BOOK{BekKes2021,
	author = {Gabor Bekes and Gabor Kezdi},
	title = {Data Analysis for Business, Economics and Policy},
	publisher = {Cambridge University Press},
	year = {2021},
	address = {},
	isbn = {}
}

@BOOK{GelNol2017,
	author = {Andrew Gelman and Deborah Nolan},
	title = {Teaching Statistics: A Bag of Tricks},
	publisher = {Oxford University Press},
	year = {2017},
	address = {},
	isbn = {}
}

@BOOK{Spi2019,
	author = {David Spiegelhalter},
	title = {The art of statistcis: Learning from data},
	publisher = {Pelican Books},
	year = {2019},
	edition = {},
	isbn = {}
}

@BOOK{PeCa2005,
	author = {Roxy Peck and George Casella and George W. Cobb and Roger Hoerl and Deborah Nolan},
	title = {Statistics: A guide to the unknown},
	publisher = {Duxbury Press},
	year = {2005},
	edition = {Fourth},
	isbn = {}
}

@MISC{AdhDen,
    author = {Ani Adhikari and John DeNero and David Wagner},
    title = {Computational and Inferential Thinking: The Foundations of Data Science},
    year = {},
    edition = {Second},
    howpublished = {\url{https://inferentialthinking.com/chapters/intro.html}}
}


@misc{Kuh,
  author = {Michael Kuhns},
  title = {What is a Tree?},
  howpublished = {\url{https://forestry.usu.edu/tree-identification/what-is-a-tree}},
  note = {Accessed: 2022-08-11}
}